@INPROCEEDINGS{local-learning, 
    author={Xiaohui Li and Huchuan Lu}, 
    booktitle={Image Processing (ICIP), 2012 19th IEEE International Conference on}, 
    title={Object tracking based on local learning}, 
    year={2012}, 
    pages={413-416}, 
    keywords={hidden feature removal;image motion analysis;image restoration;image sampling;learning (artificial intelligence);object tracking;training;feature-based distance function;intraclass variations;local learning-based object tracking;motion blur handling;occlusion handling;rotation handling;testing samples;trained distance functions;training samples;Object tracking;Target tracking;Testing;Training;Vectors;Visualization;Object tracking;distance function;local learning}, 
    doi={10.1109/ICIP.2012.6466883}, 
    ISSN={1522-4880},}

@ARTICLE{original-linear-predictors, 
    author={Jurie, F. and Dhome, M.}, 
    journal={Pattern Analysis and Machine Intelligence, IEEE Transactions on}, 
    title={Hyperplane approximation for template matching}, 
    year={2002}, 
    volume={24}, 
    number={7}, 
    pages={996-1000}, 
    keywords={Jacobian matrices;approximation theory;image matching;motion estimation;hyperplane approximation;low-order parametric models;motion estimation;movement prediction;object tracking;target tracking;template matching;video images;visual tracking;Convergence;Image reconstruction;Image representation;Motion estimation;Optimization methods;Parametric statistics;Pixel;Predictive models;Robustness;Target tracking}, 
    doi={10.1109/TPAMI.2002.1017625}, 
    ISSN={0162-8828},}

@ARTICLE{alp, 
    author={Holzer, S. and Ilic, S. and Navab, N.}, 
    journal={Pattern Analysis and Machine Intelligence, IEEE Transactions on}, 
    title={Multilayer Adaptive Linear Predictors for Real-Time Tracking}, 
    year={2013}, 
    volume={35}, 
    number={1}, 
    pages={105-117}, 
    keywords={computer graphics;matrix algebra;object tracking;ALP;fast online modifications;full matrix inversion;multilayer adaptive linear predictors;occlusions;prelearned linear predictors;real-time template tracking;template size;Artificial intelligence;Pattern analysis;Robustness;Shape;Tracking;Vectors;Template tracking;linear predictors}, 
    doi={10.1109/TPAMI.2012.86}, 
    ISSN={0162-8828},}

@inproceedings{beetz-06,
 author = {Beetz, Michael and Hoyningen-Huene, Nico v. and Bandouch, Jan and Kirchlechner, Bernhard and Gedikli, Suat and Maldonado, Alexis},
 title = {Camera-based observation of football games for analyzing multi-agent activities},
 booktitle = {Proceedings of the fifth international joint conference on Autonomous agents and multiagent systems},
 series = {AAMAS '06},
 year = {2006},
 isbn = {1-59593-303-4},
 location = {Hakodate, Japan},
 pages = {42--49},
 numpages = {8},
 url = {http://doi.acm.org/10.1145/1160633.1160638},
 doi = {10.1145/1160633.1160638},
 acmid = {1160638},
 publisher = {ACM},
 address = {New York, NY, USA},
 keywords = {analysis of intentional activity, motion interpretation, motion tracking, object tracking, state estimation, video analysis},
} 

@Article{beetz-05,
  author    = {Michael Beetz and Bernhard Kirchlechner and Martin Lames},
  title     = {Computerized Real-Time Analysis of Football Games},
  journal = {IEEE Pervasive Computing},
  year    = 2005,
  volume = {4},
  number = {3},
  pages = {33-39},
  bib2html_pubtype  = {Journal},
  bib2html_rescat   = {Game Analysis},
  bib2html_groups   = {IAS,FIPM,Aspogamo},
  bib2html_funding  = {FIPM},
  bib2html_domain   = {Soccer Analysis},
  bib2html_keywords = {Game Analysis},
  abstract = {The research reported in this article is part of an ambitious,
mid-term project that studies the automated analysis of football games.
The input for game analysis is position data provided by tiny microwave senders
that are placed into the ball and the shin guards of football players. The
main objectives of the project are (1) the investigation of novel computational
mechanisms that enable computer systems to recognize intentional activities
based on position data, (2) the development of an integrated software system to
automate game interpretation and analysis, and (3) the demonstration of the
impact of automatic game analysis on sport science, football coaching, and
sports entertainment. The results are to be showcased in the form of an
intelligent information system for the matches at the Football World
Championship 2006 in Germany.}
}

@article{IFTrace,
    Author = {R. Minetto and T.V. Spina and A.X. Falc{\~a}o and N.J. Leite and J.P. Papa and J. Stolfi},
    Doi = {http://dx.doi.org/10.1016/j.cviu.2011.10.003},
    Issn = {1077-3142},
    Journal = {Computer Vision and Image Understanding},
    Keywords = {Graph-based image segmentation},
    Number = {2},
    Pages = {274 - 291},
    Title = {IFTrace: Video segmentation of deformable objects using the Image Foresting Transform},
    Url = {http://www.sciencedirect.com/science/article/pii/S1077314211002141},
    Volume = {116},
    Year = {2012},
    Bdsk-Url-1 = {http://www.sciencedirect.com/science/article/pii/S1077314211002141},
    Bdsk-Url-2 = {http://dx.doi.org/10.1016/j.cviu.2011.10.003}}

@ARTICLE{IFT, 
    author={Falcao, A.X. and Stolfi, J. and de Alencar Lotufo, R.}, 
    journal={Pattern Analysis and Machine Intelligence, IEEE Transactions on}, 
    title={The image foresting transform: theory, algorithms, and applications}, 
    year={2004}, 
    volume={26}, 
    number={1}, 
    pages={19-29}, 
    keywords={algorithm theory;generalisation (artificial intelligence);graph theory;image processing;transforms;Dijkstra's algorithm generalization;image foresting transform;image processing operators design;mathematical morphology;Algorithm design and analysis;Cost function;Floods;Helium;Image color analysis;Image processing;Image reconstruction;Image segmentation;Pixel;Process design}, 
    doi={10.1109/TPAMI.2004.1261076}, 
    ISSN={0162-8828},}

@article{Falcao-seg-optimum-path,
    author = {Miranda, Paulo A. and Falc\~{a}o, Alexandre X.},
    title = {Links Between Image Segmentation Based on Optimum-Path Forest and Minimum Cut in Graph},
    journal = {J. Math. Imaging Vis.},
    issue_date = {October   2009},
    volume = {35},
    number = {2},
    month = oct,
    year = {2009},
    issn = {0924-9907},
    pages = {128--142},
    numpages = {15},
    url = {http://dx.doi.org/10.1007/s10851-009-0159-9},
    doi = {10.1007/s10851-009-0159-9},
    acmid = {1574529},
    publisher = {Kluwer Academic Publishers},
    address = {Norwell, MA, USA},
    keywords = {Graph-based image segmentation, Graph-cut segmentation, Image foresting transform, Image segmentation based on optimum-path forest},
} 

@TECHREPORT{KLT,
    author = {Carlo Tomasi and Takeo Kanade},
    title = {Detection and Tracking of Point Features},
    institution = {International Journal of Computer Vision},
    year = {1991}
}

@INPROCEEDINGS{paper-suecia-soccer, 
    author={Haopeng Li and Flierl, M.}, 
    booktitle={Acoustics, Speech and Signal Processing (ICASSP), 2012 IEEE International Conference on}, 
    title={Sift-based multi-view cooperative tracking for soccer video}, 
    year={2012}, 
    pages={1001-1004}, 
    keywords={cameras;correlation methods;feature extraction;video signal processing;3D information extraction;SIFT-based 2D tracking;high-definition cameras;inter-frame correlation extraction;interview correlation extraction;multi-camera system;multi-view cooperative tracking;multi-view video sequences;occlusion problems;real time multiple player tracking;scale invariant feature transform;soccer games;soccer video;Arrays;Cameras;Correlation;Feature extraction;Real time systems;Reliability;Tracking;Multiple object tracking;SIFT;multi-view}, 
    doi={10.1109/ICASSP.2012.6288054}, 
    ISSN={1520-6149},}

@ARTICLE{papers-tanos, 
    author={D'Orazio, T. and Leo, M. and Spagnolo, P. and Mazzeo, P.L. and Mosca, N. and Nitti, M. and Distante, A.}, 
    journal={Circuits and Systems for Video Technology, IEEE Transactions on}, 
    title={An Investigation Into the Feasibility of Real-Time Soccer Offside Detection From a Multiple Camera System}, 
    year={2009}, 
    volume={19}, 
    number={12}, 
    pages={1804-1818}, 
    keywords={cameras;image sequences;real-time systems;sport;3D trajectory analysis;ball tracknig;multiple camera system;multiple view analysis;player tracking;real-time images;real-time soccer offside detection;3-D trajectory analysis;multiple cameras;player and ball tracking}, 
    doi={10.1109/TCSVT.2009.2026817}, 
    ISSN={1051-8215},}

@ARTICLE{MHT-1, 
author={Cox, I.J. and Hingorani, S.L.}, 
journal={Pattern Analysis and Machine Intelligence, IEEE Transactions on}, 
title={An efficient implementation of Reid's multiple hypothesis tracking algorithm and its evaluation for the purpose of visual tracking}, 
year={1996}, 
volume={18}, 
number={2}, 
pages={138-150}, 
keywords={Kalman filters;image sequences;motion estimation;optical tracking;parameter estimation;Reid's multiple hypothesis tracking algorithm;data association uncertainty;k-best hypotheses;linear Kalman filter;motion model;motion sequences;parameter estimation;temporary occlusion;tree depths;visual tracking;Image sequences;Layout;Motion analysis;Nearest neighbor searches;Parameter estimation;Polynomials;Robustness;Tracking;Tree graphs;Uncertainty}, 
doi={10.1109/34.481539}, 
ISSN={0162-8828},}

@ARTICLE{MHT-2, 
author={Reid, D.B.}, 
journal={Automatic Control, IEEE Transactions on}, 
title={An algorithm for tracking multiple targets}, 
year={1979}, 
volume={24}, 
number={6}, 
pages={843-854}, 
keywords={Bayes procedures;Tracking;Air traffic control;Clustering algorithms;Land vehicles;Marine vehicles;Military aircraft;Probability;Radar detection;Radar tracking;Sea measurements;Target tracking}, 
doi={10.1109/TAC.1979.1102177}, 
ISSN={0018-9286},}

@INPROCEEDINGS{Schmitt-1,
    author = {Thorsten Schmitt and Michael Beetz and Robert Hanek and Sebastian Buck},
    title = {Watch their Moves: Applying Probabilistic Multiple Object Tracking to Autonomous Robot Soccer},
    booktitle = {in AAAI National Conference on Artificial Intelligence},
    year = {2002},
    pages = {599--604}
}

@MISC{Schmitt-2,
    author = {Thorsten Schmitt and Robert Hanek and Michael Beetz and Sebastian Buck and Bernd Radig},
    title = {Cooperative Probabilistic State Estimation for Vision-based Autonomous Mobile Robots},
    year = {2002}
}

@article{local-learning-machine-learning,
    author={Atkeson, C. G. and Moore, A. W. and Schaal, S.},
    year={1997},
    title={Locally weighted learning},
    booktitle={Artificial Intelligence Review},
    key={statistical learning, nonparametric regression, distance metric, lazy learning},
    URL={http://www-clmc.usc.edu/publications/A/atkeson-AIR-I-1997.pdf},
    number={1-5},
    pages={11-73},
    crossref={p41},}

@inproceedings{malisiewicz-cvpr08,
    Author={Tomasz Malisiewicz and Alexei A. Efros},
    Booktitle={CVPR},
    Title={Recognition by Association via Learning Per-exemplar Distances},
    Year={2008},}

@article{tracking-bag-of-features,
    author={Yang, F. and Lu, H.C. and Zhang, W.L. and Yang, G.},
    title={Visual tracking via bag of features},
    journal={IET-IPR},
    volume={6},
    year={2012},
    number={2},
    pages={115-128},
    bibsource={http://www.visionbib.com/bibliography/motion-f704.html#TT80208},}
